<record><leader>00000cas a22000007a 4500</leader><controlfield tag="001">19211962</controlfield><controlfield tag="008">890214d19251929pauwr ne      0    0eng d</controlfield><datafield ind1=" " ind2=" " tag="010"><subfield code="a">sn 89077113 </subfield></datafield><datafield ind1=" " ind2=" " tag="040"><subfield code="a">NPH</subfield><subfield code="b">eng</subfield><subfield code="c">NPH</subfield><subfield code="d">OCLCQ</subfield></datafield><datafield ind1=" " ind2=" " tag="042"><subfield code="a">msc</subfield></datafield><datafield ind1="0" ind2="0" tag="245"><subfield code="a">Lebanon Valley post.</subfield></datafield><datafield ind1=" " ind2=" " tag="260"><subfield code="a">Womelsdorf, Pa. :</subfield><subfield code="b">William S. Rhode Co.</subfield></datafield><datafield ind1=" " ind2=" " tag="300"><subfield code="a">v. :</subfield><subfield code="b">ill. ;</subfield><subfield code="c">40 cm.</subfield></datafield><datafield ind1=" " ind2=" " tag="310"><subfield code="a">Weekly</subfield></datafield><datafield ind1="1" ind2=" " tag="362"><subfield code="a">Began in 1925? Ceased in 1929.</subfield></datafield><datafield ind1=" " ind2=" " tag="588"><subfield code="a">Description based on: Vol. 1, no. 24 (Nov. 26, 1925).</subfield></datafield><datafield ind1=" " ind2=" " tag="752"><subfield code="a">United States</subfield><subfield code="b">Pennsylvania</subfield><subfield code="c">Berks</subfield><subfield code="d">Womelsdorf.</subfield></datafield><datafield ind1="0" ind2="0" tag="785"><subfield code="t">Lebanon Valley tribune</subfield><subfield code="w">(DLC)sn 89077114</subfield></datafield></record>